<record><leader>00000cas a22000007a 4500</leader><controlfield tag="001">13070263</controlfield><controlfield tag="008">860127d18801885iauwr ne      0    0eng d</controlfield><datafield ind1=" " ind2=" " tag="010"><subfield code="a">sn 86060003 </subfield></datafield><datafield ind1=" " ind2=" " tag="040"><subfield code="a">INP</subfield><subfield code="b">eng</subfield><subfield code="c">INP</subfield><subfield code="d">OCLCQ</subfield></datafield><datafield ind1=" " ind2=" " tag="042"><subfield code="a">msc</subfield></datafield><datafield ind1="0" ind2="4" tag="245"><subfield code="a">The Griswold advocate.</subfield></datafield><datafield ind1="1" ind2="3" tag="246"><subfield code="a">Advocate</subfield></datafield><datafield ind1=" " ind2=" " tag="260"><subfield code="a">Griswold, Iowa :</subfield><subfield code="b">Ragsdale &amp; Scott,</subfield><subfield code="c">1880-</subfield></datafield><datafield ind1=" " ind2=" " tag="300"><subfield code="a">v. :</subfield><subfield code="b">ill.</subfield></datafield><datafield ind1=" " ind2=" " tag="310"><subfield code="a">Weekly</subfield></datafield><datafield ind1="0" ind2=" " tag="362"><subfield code="a">Vol. 1, no. 1 (Feb. 18, 1880)-</subfield></datafield><datafield ind1="1" ind2=" " tag="362"><subfield code="a">Ceased in Feb. 1885.</subfield></datafield><datafield ind1=" " ind2=" " tag="500"><subfield code="a">Publishers: Ragsdale &amp; Scott, Feb. 18, 1880-Apr. 6, 1881; D.H. Scott, Apr. 13, 1881-&lt;Feb. 11, 1885&gt;.</subfield></datafield><datafield ind1=" " ind2=" " tag="515"><subfield code="a">Vol. 2, no. 5 (Mar. 16, 1881) misnumbered and misdated v. 2, no. 4 (Mar. 9, 1881); v. 4, no. 32 (Sept. 19, 1883) misdated (Sept. 16, 1883); v. 4, no. 34 (Oct. 3, 1883) misdated Aug. 3, 1883.</subfield></datafield><datafield ind1=" " ind2=" " tag="525"><subfield code="a">Feb. 14, 1883, issue includes supplement.</subfield></datafield><datafield ind1=" " ind2=" " tag="752"><subfield code="a">United States</subfield><subfield code="b">Iowa</subfield><subfield code="c">Cass</subfield><subfield code="d">Griswold.</subfield></datafield><datafield ind1="0" ind2="0" tag="785"><subfield code="t">Griswold American</subfield><subfield code="w">(DLC)sn 86060007</subfield></datafield></record>